<?xml version="1.0" encoding="UTF-8"?><record xmlns="http://www.loc.gov/MARC21/slim" xmlns:cinclude="http://apache.org/cocoon/include/1.0" xmlns:zs="http://www.loc.gov/zing/srw/">
  <leader>01341nz  a2200289n  4500</leader>
  <controlfield tag="001">no2014159573</controlfield>
  <controlfield tag="003">DLC</controlfield>
  <controlfield tag="005">20141204073546.0</controlfield>
  <controlfield tag="008">141203n| azannaabn          |b aaa     c</controlfield>
  <datafield tag="010" ind1=" " ind2=" ">
    <subfield code="a">no2014159573</subfield>
  </datafield>
  <datafield tag="035" ind1=" " ind2=" ">
    <subfield code="a">(OCoLC)oca10030897</subfield>
  </datafield>
  <datafield tag="040" ind1=" " ind2=" ">
    <subfield code="a">ICU</subfield>
    <subfield code="b">eng</subfield>
    <subfield code="e">rda</subfield>
    <subfield code="c">ICU</subfield>
  </datafield>
  <datafield tag="046" ind1=" " ind2=" ">
    <subfield code="f">19350509</subfield>
  </datafield>
  <datafield tag="100" ind1="1" ind2=" ">
    <subfield code="a">Hein, Kurt,</subfield>
    <subfield code="d">1935-</subfield>
  </datafield>
  <datafield tag="370" ind1=" " ind2=" ">
    <subfield code="a">A.S.S.R. Nemt︠s︡ev Povolzhʹi︠a︡ (R.S.F.S.R.)</subfield>
    <subfield code="2">naf</subfield>
  </datafield>
  <datafield tag="370" ind1=" " ind2=" ">
    <subfield code="e">Kazakhstan</subfield>
    <subfield code="2">naf</subfield>
    <subfield code="s">1941</subfield>
    <subfield code="t">1944</subfield>
  </datafield>
  <datafield tag="370" ind1=" " ind2=" ">
    <subfield code="e">Altaĭskiĭ kraĭ (Russia)</subfield>
    <subfield code="2">naf</subfield>
    <subfield code="s">1944</subfield>
    <subfield code="t">1992</subfield>
  </datafield>
  <datafield tag="370" ind1=" " ind2=" ">
    <subfield code="e">Wünnenberg (Germany)</subfield>
    <subfield code="2">naf</subfield>
    <subfield code="s">1992</subfield>
  </datafield>
  <datafield tag="374" ind1=" " ind2=" ">
    <subfield code="a">Authors</subfield>
    <subfield code="a">Artists</subfield>
    <subfield code="a">Teachers</subfield>
    <subfield code="2">lcsh</subfield>
  </datafield>
  <datafield tag="375" ind1=" " ind2=" ">
    <subfield code="a">male</subfield>
  </datafield>
  <datafield tag="377" ind1=" " ind2=" ">
    <subfield code="a">rus</subfield>
    <subfield code="a">ger</subfield>
  </datafield>
  <datafield tag="400" ind1="1" ind2=" ">
    <subfield code="a">Гейн, Курт,</subfield>
    <subfield code="d">1935-</subfield>
  </datafield>
  <datafield tag="400" ind1="1" ind2=" ">
    <subfield code="a">Geĭn, Kurt,</subfield>
    <subfield code="d">1935-</subfield>
  </datafield>
  <datafield tag="667" ind1=" " ind2=" ">
    <subfield code="a">Non-Latin script reference not evaluated.</subfield>
  </datafield>
  <datafield tag="670" ind1=" " ind2=" ">
    <subfield code="a">Shnaĭder-Stremi︠a︡kova, Antonina. Zhiznʹ v dva lista, 2014:</subfield>
    <subfield code="b">title page (художник Курт Гейн = khudozhnik Kurt Geĭn)</subfield>
  </datafield>
  <datafield tag="670" ind1=" " ind2=" ">
    <subfield code="a">Dort damals, 2013:</subfield>
    <subfield code="b">t.p. (Kurt Hein)</subfield>
  </datafield>
  <datafield tag="670" ind1=" " ind2=" ">
    <subfield code="a">Tvorchestvo rossiĭskikh nemt︠s︡ev WWW site, December 3, 2014</subfield>
    <subfield code="b">"Proza" webpage (Kurt Geĭn (Kurt Hein), born May 9, 1935 in I︠A︡godnoe (Autonomous Region of Germans in Volga, Russia); from 1941 lived in Kazakhstan, in 1944 moved to Altai region; taught drawing in public school, in 1992 emigrated to Germany, lives in Wünnenberg)</subfield>
  </datafield>
</record>